@misc{heunen2015cqm,
  title={Introduction to categorical quantum mechanics},
  author={Heunen, Chris and Vicary, Jamie},
  year={2015},
  publisher={Oxford University Press}
}