@INPROCEEDINGS{Hofmann,
    author = {Martin Hofmann},
    title = {Syntax and semantics of dependent types},
    booktitle = {In Semantics and Logics of Computation},
    year = {1997},
    pages = {79--130},
    publisher = {Cambridge University Press}
}

@book{Huber,
  title={A Model of Type Theory in Cubical Sets},
  author={Huber, S.},
  series={Technical report: L},
  url={https://books.google.de/books?id=itnfjwEACAAJ},
  year={2015},
  publisher={Chalmers University of Technology}
}
