@article{CT-STLC,
    title={{Brief Notes on the Category Theoretic Semantics of Simply Typed Lambda Calculus}},
    author={Andrew Pitts},
    year={2017},
    note={\url{http://www.cl.cam.ac.uk/teaching/1617/L108/catl-notes.pdf}},
}

@online{lecture,
    title={{Category Theory and Logic}},
    author={Andrew Pitts},
    year={2016-2017},
    howpublished={\url{http://www.cl.cam.ac.uk/teaching/1617/L108/materials.html}},
}
